<?xml version="1.0" encoding="UTF-8"?><collection xmlns="http://www.loc.gov/MARC21/slim"><record><leader>00406nam--2200145-i-4500</leader><controlfield tag="001">000010547</controlfield><controlfield tag="002">20161230</controlfield><controlfield tag="005">20161230201028</controlfield><controlfield tag="008">060222s1000------------r-----000-0-eng-d</controlfield><datafield ind1=" " ind2=" " tag="080"><subfield code="a">015:621.372.8</subfield></datafield><datafield ind1=" " ind2=" " tag="100"><subfield code="a">Blanc, Francois</subfield></datafield><datafield ind1=" " ind2=" " tag="245"><subfield code="a">Contribution a l etude de la propagation guide e en milieu anisotrope. these</subfield></datafield><datafield ind1=" " ind2=" " tag="260"><subfield code="a">Clermont-ferrand, L Universite, 1971. 142 P</subfield></datafield><datafield ind1=" " ind2=" " tag="490"><subfield code="a">136</subfield></datafield><datafield ind1=" " ind2=" " tag="852"><subfield code="a">38168</subfield></datafield></record></collection>